<?xml version="1.0" encoding="UTF-8"?>
<record xmlns="http://www.loc.gov/MARC21/slim" xmlns:xsi="http://www.w3.org/2001/XMLSchema-instance" xsi:schemaLocation="http://www.loc.gov/MARC21/slim http://www.loc.gov/standards/marcxml/schema/MARC21slim.xsd">
<leader>00000cam a22      a 4500</leader>
<controlfield tag="001">001812108</controlfield>
<controlfield tag="003">NNU</controlfield>
<controlfield tag="005">20160302160001.0</controlfield>
<controlfield tag="008">700707s1962    le       b    001 0 eng</controlfield>
<datafield tag="010" ind1=" " ind2=" ">
<subfield code="a">   71236940</subfield>
</datafield>
<datafield tag="035" ind1=" " ind2=" ">
<subfield code="a">(OCoLC)83790</subfield>
<subfield code="z">(OCoLC)68138005</subfield>
</datafield>
<datafield tag="040" ind1=" " ind2=" ">
<subfield code="a">DLC</subfield>
<subfield code="b">eng</subfield>
<subfield code="c">DLC</subfield>
<subfield code="d">MUQ</subfield>
<subfield code="d">BTCTA</subfield>
<subfield code="d">RBN</subfield>
<subfield code="d">STFGB</subfield>
<subfield code="d">EUM</subfield>
<subfield code="d">OCLCO</subfield>
<subfield code="d">OCLCA</subfield>
<subfield code="d">OCLCF</subfield>
<subfield code="d">OCLCA</subfield>
<subfield code="d">OCLCQ</subfield>
<subfield code="d">EUW</subfield>
<subfield code="d">OCLCQ</subfield>
</datafield>
<datafield tag="050" ind1="0" ind2="0">
<subfield code="a">PJ25</subfield>
<subfield code="b">.A6 no. 38</subfield>
</datafield>
<datafield tag="050" ind1=" " ind2="4">
<subfield code="a">QB41.A215</subfield>
<subfield code="b">L45</subfield>
</datafield>
<datafield tag="082" ind1="0" ind2="4">
<subfield code="a">490.6</subfield>
<subfield code="b">.A514 no.38</subfield>
</datafield>
<datafield tag="100" ind1="1" ind2=" ">
<subfield code="a">Lemay, Richard Joseph.</subfield>
</datafield>
<datafield tag="245" ind1="1" ind2="0">
<subfield code="a">Abu Maʻshar and Latin Aristotelianism in the twelfth century :</subfield>
<subfield code="b">the recovery of Aristotle's Natural philosophy through Arabic astrology.</subfield>
</datafield>
<datafield tag="260" ind1=" " ind2=" ">
<subfield code="a">Beirut,</subfield>
<subfield code="c">1962.</subfield>
</datafield>
<datafield tag="300" ind1=" " ind2=" ">
<subfield code="a">xl, 468 pages ;</subfield>
<subfield code="c">24 cm.</subfield>
</datafield>
<datafield tag="336" ind1=" " ind2=" ">
<subfield code="a">text</subfield>
<subfield code="b">txt</subfield>
<subfield code="2">rdacontent</subfield>
</datafield>
<datafield tag="337" ind1=" " ind2=" ">
<subfield code="a">unmediated</subfield>
<subfield code="b">n</subfield>
<subfield code="2">rdamedia</subfield>
</datafield>
<datafield tag="338" ind1=" " ind2=" ">
<subfield code="a">volume</subfield>
<subfield code="b">nc</subfield>
<subfield code="2">rdacarrier</subfield>
</datafield>
<datafield tag="490" ind1="1" ind2=" ">
<subfield code="a">American University of Beirut. Publications of the Faculty of Arts and Sciences. Oriental series, no. 38</subfield>
</datafield>
<datafield tag="500" ind1=" " ind2=" ">
<subfield code="a">Based on the author's thesis, Columbia University.</subfield>
</datafield>
<datafield tag="504" ind1=" " ind2=" ">
<subfield code="a">Includes bibliographical references (pages 379-422).</subfield>
</datafield>
<datafield tag="600" ind1="0" ind2="0">
<subfield code="a">Abū Maʻshar,</subfield>
<subfield code="d">-886.</subfield>
<subfield code="t">Madkhal ilá ʻilm aḥkām al-nujūm.</subfield>
</datafield>
<datafield tag="600" ind1="0" ind2="0">
<subfield code="a">Aristotle</subfield>
<subfield code="x">Influence.</subfield>
</datafield>
<datafield tag="650" ind1=" " ind2="0">
<subfield code="a">Philosophy, Medieval.</subfield>
</datafield>
<datafield tag="650" ind1=" " ind2="0">
<subfield code="a">Cosmology, Medieval.</subfield>
</datafield>
<datafield tag="650" ind1=" " ind2="2">
<subfield code="a">Philosophy</subfield>
<subfield code="x">history.</subfield>
</datafield>
<datafield tag="600" ind1="0" ind2="4">
<subfield code="a">Abū Mashar,</subfield>
<subfield code="d">-886.</subfield>
<subfield code="t">Madkhal ilá ìlm aḥkām al-nujūm.</subfield>
</datafield>
<datafield tag="600" ind1="0" ind2="4">
<subfield code="a">Aristotle.</subfield>
</datafield>
<datafield tag="600" ind1="0" ind2="6">
<subfield code="a">Aristote.</subfield>
</datafield>
<datafield tag="600" ind1="0" ind2="6">
<subfield code="a">Albumasár,</subfield>
<subfield code="d">787?-886.</subfield>
<subfield code="t">Introductorium in astronomiam.</subfield>
</datafield>
<datafield tag="600" ind1="0" ind2="7">
<subfield code="a">Aristotle.</subfield>
<subfield code="2">fast</subfield>
<subfield code="0">(OCoLC)fst00029885</subfield>
</datafield>
<datafield tag="630" ind1="0" ind2="7">
<subfield code="a">Madkhal ilá ʻilm aḥkām al-nujūm (Abū Maʻshar)</subfield>
<subfield code="2">fast</subfield>
<subfield code="0">(OCoLC)fst01356516</subfield>
</datafield>
<datafield tag="650" ind1=" " ind2="7">
<subfield code="a">Cosmology, Medieval.</subfield>
<subfield code="2">fast</subfield>
<subfield code="0">(OCoLC)fst00880627</subfield>
</datafield>
<datafield tag="650" ind1=" " ind2="7">
<subfield code="a">Influence (Literary, artistic, etc.)</subfield>
<subfield code="2">fast</subfield>
<subfield code="0">(OCoLC)fst00972484</subfield>
</datafield>
<datafield tag="650" ind1=" " ind2="7">
<subfield code="a">Philosophy, Medieval.</subfield>
<subfield code="2">fast</subfield>
<subfield code="0">(OCoLC)fst01061057</subfield>
</datafield>
<datafield tag="776" ind1="0" ind2="8">
<subfield code="i">Online version:</subfield>
<subfield code="a">Lemay, Richard Joseph.</subfield>
<subfield code="t">Abu Maʻshar and Latin Aristotelianism in the twelfth century.</subfield>
<subfield code="d">Beirut, 1962</subfield>
<subfield code="w">(OCoLC)652219752</subfield>
</datafield>
<datafield tag="830" ind1=" " ind2="0">
<subfield code="a">Publication of the Faculty of Arts and Sciences.</subfield>
<subfield code="p">Oriental series ;</subfield>
<subfield code="v">no. 38.</subfield>
</datafield>
<datafield tag="OWN" ind1=" " ind2=" ">
<subfield code="a">GENERAL</subfield>
</datafield>
<datafield tag="AVA" ind1=" " ind2=" ">
<subfield code="a">NYU50</subfield>
<subfield code="b">BOBST</subfield>
<subfield code="c">Main Collection</subfield>
<subfield code="d">PJ25 .A6 no.38</subfield>
<subfield code="e">unavailable</subfield>
<subfield code="t">Unavailable</subfield>
<subfield code="f">1</subfield>
<subfield code="g">1</subfield>
<subfield code="h">N</subfield>
<subfield code="i">0</subfield>
<subfield code="j">MAIN</subfield>
<subfield code="k">0</subfield>
</datafield>
</record>
